<?xml version="1.0" encoding="UTF-8"?><collection xmlns="http://www.loc.gov/MARC21/slim"><record><leader>00385nam--2200133-i-4500</leader><controlfield tag="001">000023119</controlfield><controlfield tag="002">20161230</controlfield><controlfield tag="005">20161230201034</controlfield><controlfield tag="008">060222s1000------------r-----000-0-eng-d</controlfield><datafield ind1=" " ind2=" " tag="080"><subfield code="a">621.3.049:621.382</subfield></datafield><datafield ind1=" " ind2=" " tag="245"><subfield code="a">Integrated electronic systems</subfield></datafield><datafield ind1=" " ind2=" " tag="260"><subfield code="a">Englewood Cliffs, New Jersey, Prentice-hall, 1970, Xvi + 472p</subfield></datafield><datafield ind1=" " ind2=" " tag="490"><subfield code="a">Solid State Physical Electronics Series</subfield></datafield><datafield ind1=" " ind2=" " tag="852"><subfield code="a">36298</subfield></datafield></record></collection>